% This file was created with JabRef 2.9.2.
% Encoding: ISO8859_1

% Order alphabetically
% Make sure all are consistent -- e.g. either all have Month or None do
% Use something like https://flamingtempura.github.io/bibtex-tidy/ to clean all your bibtex entries


@misc{fbi_fintech,
  title = {FinTech Market Size, Share \& Trends},
  howpublished = {\url{https://www.fortunebusinessinsights.com/fintech-market-108641}},
  note = {Accessed Oct 25, 2025}
}
@online{fbi_fintech_2025,
  title   = {FinTech Market Size, Share \& Industry Analysis, 2025–2032},
  author  = {{Fortune Business Insights}},
  year    = {2025},
  date    = {2025-10-06},
  url     = {https://www.fortunebusinessinsights.com/fintech-market-108641},
  urldate = {2025-10-25}
}

@article{mck_genai_banking,
  title = {Capturing the full value of generative AI in banking},
  journal = {McKinsey \& Company},
  year = {2023},
  url = {https://www.mckinsey.com/industries/financial-services/our-insights/capturing-the-full-value-of-generative-ai-in-banking}
}
@misc{mck_state_ai_2023,
  title = {The state of AI in 2023: Generative AI's breakout year},
  howpublished = {\url{https://www.mckinsey.com/capabilities/quantumblack/our-insights/the-state-of-ai-in-2023-generative-ais-breakout-year}},
  year = {2023}
}

@misc{ft_ai_hurdles_2024,
  title = {Financial services shun AI over job and regulatory fears},
  howpublished = {\url{https://www.ft.com/content/0675e4d9-62a1-4d6c-9098-a8cb0d1e32ed}},
  year = {2024}
}

@online{bloomberg_bi_ai_spend_2024,
  title   = {60\% of Enterprise CIOs Plan to Increase Spending on AI Inferencing Workloads},
  author  = {{Bloomberg Intelligence}},
  year    = {2024},
  date    = {2024-08-14},
  url     = {https://www.bloomberg.com/company/press/60-of-enterprise-chief-information-officers-report-plans-to-increase-spending-on-ai-inferencing-workloads-with-microsoft-according-to-a-bloomberg-intelligence-survey/},
  urldate = {2025-10-25}
}

@online{bloomberg_doc_insights_2025,
  title   = {Bloomberg Accelerates Financial Analysis with Gen AI Document Insights},
  author  = {{Bloomberg L.P.}},
  year    = {2025},
  date    = {2025-04-07},
  url     = {https://www.bloomberg.com/company/press/bloomberg-accelerates-financial-analysis-with-gen-ai-document-insights/},
  urldate = {2025-10-25}
}

@online{sec_about_edgar_2024,
  title   = {About EDGAR},
  author  = {{U.S. Securities and Exchange Commission}},
  year    = {2024},
  date    = {2024-04-23},
  url     = {https://www.sec.gov/submit-filings/about-edgar},
  urldate = {2025-10-25},
  note    = {“The system processes about 4{,}700 filings per day… serves 3{,}000 terabytes annually.”}
}

@online{fnl_bbg_analyst_80_2025,
  title   = {Bloomberg tech chief says AI could streamline 80\% of analyst workload},
  author  = {{Financial News London}},
  year    = {2025},
  url     = {https://www.fnlondon.com/articles/bloomberg-tech-chief-says-ai-could-streamline-80-of-analyst-workload-48649cc1},
  urldate = {2025-10-25},
  note    = {Interview with CTO Shawn Edwards}
}

@online{reuters_robinhood_tokens_2025,
  title   = {Robinhood launches tokens allowing EU users to trade in US stocks},
  author  = {Reuters},
  year    = {2025},
  date    = {2025-06-30},
  url     = {https://www.reuters.com/business/robinhood-launches-tokens-allowing-eu-users-trade-us-stocks-2025-06-30/},
  urldate = {2025-10-25}
}

@online{hood_newsfeed_2019,
  title   = {From News to Newsfeed},
  author  = {{Robinhood Newsroom}},
  year    = {2019},
  date    = {2019-10-00},
  url     = {https://robinhood.com/newsroom/from-news-to-newsfeed/},
  urldate = {2025-10-25}
}

@online{hood_crypto_2024,
  title   = {This Year in Crypto: 2024},
  author  = {{Robinhood Newsroom}},
  year    = {2024},
  date    = {2024-12-12},
  url     = {https://www.robinhood.com/us/en/newsroom/this-year-in-crypto-2024},
  urldate = {2025-10-25}
}

@misc{hood_site,
  title = {Robinhood Official Website | Commission-Free Trading},
  howpublished = {\url{https://robinhood.com/us/en/}}
}

@misc{betterment_site,
  title = {Betterment Official Website | Automated investing \& Financial planning},
  year    = {},
  howpublished = {\url{https://www.betterment.com/}}
}

@online{forbes_betterment_2025,
  title   = {Forbes Betterment Review 2025},
  author  = {Forbes Advisor},
  year    = {2025},
  date    = {2025-03-27},
  url     = {https://www.forbes.com/advisor/investing/robo-advisor-betterment-review/},
  urldate = {2025-10-25}
}

@online{wsj_betterment_2025,
  title   = {WSJ Betterment Review 2025},
  author  = {{WSJ Buy Side}},
  year    = {2025},
  date    = {2025-07-21},
  url     = {https://www.wsj.com/buyside/personal-finance/financial-advisors/betterment-review},
  urldate = {2025-10-25}
}

@misc{eastmoney_reuters,
  title = {Reuters - East Money Info},
  year    = {},
  howpublished = {\url{https://www.reuters.com/markets/companies/300059.SZ/}}
}
@misc{eastmoney_forbes,
  title = {Forbes - East Money Information | Company Overview},
  year    = {},
  howpublished = {\url{https://www.forbes.com/companies/east-money-information/}}
}

@online{tradinghub_trade_surv_2025,
  title   = {Trade Surveillance Software \textbar{} Cross-Product Abuse Detection},
  author  = {{TradingHub}},
  year    = {2025},
  url     = {https://tradinghub.com/trade-surveillance},
  urldate = {2025-10-25}
}

@online{summit_tradinghub_2023,
  title   = {TradingHub},
  author  = {{Summit Partners}},
  year    = {2023},
  date    = {2023-06-20},
  url     = {https://www.summitpartners.com/companies/tradinghub},
  urldate = {2025-10-25}
}

@misc{finra_nfcs_portal,
  title = {FINRA Foundation — National Financial Capability Study},
  howpublished = {\url{https://finrafoundation.org/national-financial-capability-study}},
  year = {2025}
}

@online{finra_nfcs_2025,
  title   = {Financial Capability in the United States (NFCS, Sixth Edition)},
  author  = {{FINRA Foundation}},
  year    = {2025},
  date    = {2025-07-01},
  url     = {https://finrafoundation.org/sites/finrafoundation/files/2025-07/NFCS-Report-Sixth-Edition-July-2025.pdf},
  urldate = {2025-10-25}
}
@online{finra_nfcs_press_2025,
  title   = {New FINRA Foundation Study Shows Financial Capability Declined in the U.S. Over the Past Decade},
  author  = {{FINRA Foundation}},
  year    = {2025},
  date    = {2025-07-01},
  url     = {https://www.finra.org/media-center/newsreleases/2025/finra-foundation-releases-sixth-wave-national-financial-capability},
  urldate = {2025-10-25}
}

@misc{cfa_trust_2022_pdf,
  title = {Enhancing Investors' Trust (2022 Investor Trust Study)},
  howpublished = {\url{https://www.cfainstitute.org/sites/default/files/-/media/documents/article/Enhancing-Investors-Trust-Report_2022_Online.pdf}},
  year = {2022}
}
@misc{cfa_personalization_2024,
  title = {Smart Beta, Direct Indexing, and Index-Based Strategies},
  howpublished = {\url{https://rpc.cfainstitute.org/sites/default/files/-/media/documents/article/industry-research/smart-beta-direct-indexing.pdf}},
  year = {2024}
}

@online{pgvector_github_2025,
  title   = {pgvector: Open-source vector similarity search for Postgres},
  author  = {{pgvector maintainers}},
  year    = {2025},
  url     = {https://github.com/pgvector/pgvector},
  urldate = {2025-10-25},
  note    = {Project README and documentation}
}

@article{shuster2021retrieval,
  title   = {Retrieval Augmentation Reduces Hallucination in Conversation},
  author  = {Shuster, Kurt and Poff, Spencer and Chen, Moya and Kiela, Douwe and Weston, Jason},
  year    = {2021},
  journal = {arXiv preprint arXiv:2104.07567},
  url     = {https://arxiv.org/abs/2104.07567},
  urldate = {2025-10-25}
}

@online{vllm_docs,
  title = {OpenAI-Compatible Server — vLLM Docs},
  author = {{vLLM Project}},
  year = {2025},
  date = {2025-09-15},
  url = {https://docs.vllm.ai/en/latest/serving/openai_compatible_server.html},
  urldate = {2025-10-25}
}

@article{faiss_2024,
  title = {The Faiss library},
  author = {Douze, Matthijs and Johnson, Jeff and Jégou, Hervé},
  year = {2024},
  journal = {arXiv preprint arXiv:2401.08281},
  url = {https://arxiv.org/abs/2401.08281},
  urldate = {2025-10-25}
}

@online{pgvector_github,
  title = {pgvector: Open-source vector similarity search for Postgres},
  author = {{pgvector maintainers}},
  year = {2025},
  url = {https://github.com/pgvector/pgvector},
  urldate = {2025-10-25},
  note = {Project README and docs}
}

@online{unstructured_partition,
  title = {Unstructured — Partitioning (auto/fast/high-res)},
  author = {{Unstructured.io}},
  year = {2025},
  url = {https://docs.unstructured.io/open-source/core-functionality/partitioning},
  urldate = {2025-10-25}
}

@online{trafilatura_docs,
  title = {Trafilatura Documentation (Core functions / Quickstart)},
  author = {Barbaresi, Adrien},
  year = {2025},
  url = {https://trafilatura.readthedocs.io/},
  urldate = {2025-10-25}
}

@online{bge_reranker_m3,
  title = {BAAI bge-reranker-v2-m3 — Model Card},
  author = {{BAAI / FlagEmbedding}},
  year = {2025},
  date = {2025-09-23},
  url = {https://huggingface.co/BAAI/bge-reranker-v2-m3},
  urldate = {2025-10-25}
}

@article{finbert_araci2019,
  title = {FinBERT: Financial Sentiment Analysis with Pre-trained Language Models},
  author = {Araci, Doğu},
  year = {2019},
  journal = {arXiv preprint arXiv:1908.10063},
  url = {https://arxiv.org/abs/1908.10063},
  urldate = {2025-10-25}
}

@article{finbert_trend_2024,
  title = {Financial Sentiment Analysis on News and Reports Using Large Language Models},
  author = {Shen, Y. and others},
  year = {2024},
  journal = {arXiv preprint arXiv:2410.01987},
  url = {https://arxiv.org/abs/2410.01987},
  urldate = {2025-10-25}
}

@article{rag_hallucination,
  title = {Retrieval Augmentation Reduces Hallucination in Conversation},
  author = {Shuster, Kurt and Poff, Spencer and Chen, Moya and Kiela, Douwe and Weston, Jason},
  year = {2021},
  journal = {arXiv preprint arXiv:2104.07567},
  url = {https://arxiv.org/abs/2104.07567},
  urldate = {2025-10-25}
}